@misc{bostonfed1999,
  author       = {Alicia H. Munnell},
  title        = {Demographic Changes and Funding for Pension Plans},
  year         = {1999},
  howpublished = {\url{https://www.bostonfed.org/-/media/Documents/conference/16/conf16b.pdf}},
  note         = {Accessed: 2025-09-17}
}

@online{dalriada2023,
  author       = {{Dalriada Trustees}},
  title        = {The Importance of Mathematics in Pensions},
  year         = {2023},
  url          = {https://www.dalriadatrustees.co.uk/the-importance-of-mathematics-in-pensions/},
  note         = {Accessed: 2025-09-17}
}

@online{milliman2022,
  author       = {Milliman},
  title        = {Using Python as an Actuarial Modelling Platform},
  year         = {2022},
  url          = {https://www.milliman.com/en/insight/using-python-actuarial-modelling-platform},
  note         = {Accessed: 2025-09-17}
}

@online{ncpers2023,
  author       = {{National Conference on Public Employee Retirement Systems}},
  title        = {The Impact of Demographic Shifts on Public Pensions (And What They Can Do About It)},
  year         = {2023},
  url          = {https://www.ncpers.org/blog_home.asp?display=377},
  note         = {Accessed: 2025-09-17}
}

@online{lifelib2024,
  author       = {Olivier Binette},
  title        = {lifelib: Actuarial Models in Python},
  year         = {2024},
  url          = {https://lifelib.io/},
  note         = {Accessed: 2025-09-17}
}

@online{hyperexponential2023,
  author       = {Hyperexponential},
  title        = {Python for Insurers and Actuaries},
  year         = {2023},
  url          = {https://www.hyperexponential.com/blog/python-for-insurance/},
  note         = {Accessed: 2025-09-17}
}
